<collection xmlns="http://www.loc.gov/MARC21/slim"><record><leader>00701nam  2200217   450</leader><controlfield tag="001">688</controlfield><controlfield tag="003">http://montalegre.opacnet.com/OPAC/default.aspx?ContentAreaControl=ShowRegHoldings.ascx&amp;RegNo=16662</controlfield><datafield tag="100" ind1=" " ind2=" "><subfield code="a">20061013d1987    d  y0pory0103    ba</subfield></datafield><datafield tag="101" ind1="0" ind2=" "><subfield code="a">por</subfield></datafield><datafield tag="102" ind1=" " ind2=" "><subfield code="a">PT</subfield></datafield><datafield tag="200" ind1="1" ind2=" "><subfield code="a">Dois macaquinhos à solta</subfield><subfield code="f">Leonel Neves</subfield><subfield code="g">il. Melo Frazão</subfield></datafield><datafield tag="210" ind1=" " ind2=" "><subfield code="a">[S.l.]</subfield><subfield code="c">Horizonte</subfield><subfield code="d">1987</subfield></datafield><datafield tag="215" ind1=" " ind2=" "><subfield code="a">14 p.</subfield><subfield code="c">il.</subfield><subfield code="d">16 cm</subfield></datafield><datafield tag="225" ind1="0" ind2=" "><subfield code="a">Sete estrelas</subfield><subfield code="v">18</subfield></datafield><datafield tag="606" ind1=" " ind2=" "><subfield code="a">Literatura infantil</subfield></datafield><datafield tag="675" ind1=" " ind2=" "><subfield code="a">82-93</subfield></datafield><datafield tag="700" ind1=" " ind2="1"><subfield code="a">Neves</subfield><subfield code="b">Leonel</subfield><subfield code="f">1921-1996</subfield></datafield><datafield tag="702" ind1=" " ind2="1"><subfield code="a">Frazão</subfield><subfield code="b">Melo</subfield><subfield code="4">440</subfield></datafield><datafield tag="801" ind1=" " ind2="0"><subfield code="a">PT</subfield><subfield code="b">Biblioteca Municipal de Montalegre</subfield><subfield code="g">RPC</subfield></datafield><datafield tag="856" ind1=" " ind2=" "><subfield code="u">locateMedia.asp?cod=20060524160827&amp;ext=jpg</subfield><subfield code="z">CAPA</subfield></datafield><datafield tag="909" ind1="&#9;" ind2=" "><subfield code="a">2</subfield></datafield><datafield tag="966" ind1=" " ind2=" "><subfield code="a">0002530</subfield><subfield code="l">BMM</subfield><subfield code="s">SI 82-93 NEV doi 18</subfield></datafield><datafield tag="966" ind1=" " ind2=" "><subfield code="a">0002531</subfield><subfield code="l">BMM</subfield><subfield code="s">SI 82-93 NEV doi 18</subfield></datafield></record></collection>